@article{neumf,
  author =       "Xiangnan He, Lizi Liao, Hanwang Zhang, Liqiang Nie, Xia Hu, Tat-Seng Chua",
  title =        "{Neural Collaborative Filtering}",
  journal =      "In Proceedings of WWW2017",
  pages =        "173–182",
  year =         "2017.",
  DOI =          "https://doi.org/10.1145/3038912.3052569"
}

@article{mvae,
    author    = "Dawen Liang, Rahul G. Krishnan, Matthew D. Hoffman, Tony Jebara",
    title     = "Variational Autoencoders for Collaborative Filtering",
    journal =      "WWW '18: Proceedings of the 2018 World Wide Web Conference",
    
  pages =        "689–698",
  year =         "2017",
  DOI =          "https://doi.org/10.1145/3178876.3186150"
}
 
@article{bert4rec,
    author    = "Fei Sun, Jun Liu, Jian Wu, Changhua Pei, Xiao Lin, Wenwu Ou, and Peng Jiang",
    title     = "BERT4Rec: Sequential Recommendation with Bidirectional Encoder Representations from Transformer",
    journal =      "CIKM '19: Proceedings of the 28th ACM International Conference on Information and Knowledge Management",
    
  pages =        "1441–1450",
  year =         "2019",
  DOI =          "https://doi.org/10.1145/3357384.3357895"
}
@article{kl4rec,
    author    = "Chong Chen,Min Zhang,Weizhi Ma,Yiqun Liu,Shaoping Ma ",
    title     = "Jointly Non-Sampling Learning for Knowledge Graph Enhanced Recommendation",
    journal =      ":SIGIR '20: Proceedings of the 43rd International ACM SIGIR Conference on Research and Development in Information Retrieval",
    
  pages =        "189–198",
  year =         "2020.",
  DOI =          "https://doi.org/10.1145/3397271.3401040"
}
@article{vamp,
    author    = "Daeryong Kim, Bongwon Suh",
    title     = "Enhancing VAEs for collaborative filtering: flexible priors & gating mechanisms",
    journal =      "RecSys '19: Proceedings of the 13th ACM Conference on Recommender Systems",
    
  pages =        "403–407",
  year =         "2019",
  DOI =          "https://doi.org/10.1145/3298689.3347015"
}