%%
%% WinShell 3.3.2.6
%% http://www.winshell.org/
%%

% Strings

@misc{ivy,
	title = {Movie {Recommendations} : {How} {Netflix} does it? {\textbar} {Data} {Science} {Workshop}},
    author={Ivy Pro School},
    url = {https://www.youtube.com/watch?v=7lPOL74eG5I},
	urldate = {2021-06-17},
}

% Preamble


% BibTeX Entries
@inproceedings{MF,
    title={Collaborative filtering for implicit feedback datasets},
    author={Hu, Yifan and Koren, Yehuda and Volinsky, Chris},
    booktitle={2008 Eighth IEEE International Conference on Data Mining},
    pages={263--272},
    year={2008},
    organization={Ieee},
}

@inproceedings{AMF,
    title={Gaussian ranking by matrix factorization},
    author={Steck, Harald},
    booktitle={Proceedings of the 9th ACM Conference on Recommender Systems},
    pages={115--122},
    year={2015},
}

@inproceedings{autorec,
    title={Autorec: Autoencoders meet collaborative filtering},
    author={Sedhain, Suvash and Menon, Aditya Krishna and Sanner, Scott and Xie, Lexing},
    booktitle={Proceedings of the 24th international conference on World Wide Web},
    pages={111--112},
    year={2015}
}

@inproceedings{cdae,
    title={Collaborative denoising auto-encoders for top-n recommender systems},
    author={Wu, Yao and DuBois, Christopher and Zheng, Alice X and Ester, Martin},
    booktitle={Proceedings of the ninth ACM international conference on web search and data mining},
    pages={153--162},
    year={2016}
}

@inproceedings{mvae,
    title={Variational autoencoders for collaborative filtering},
    author={Liang, Dawen and Krishnan, Rahul G and Hoffman, Matthew D and Jebara, Tony},
    booktitle={Proceedings of the 2018 world wide web conference},
    pages={689--698},
    year={2018}
}
@inproceedings{dacrema2019we,
    title={Are we really making much progress? A worrying analysis of recent neural recommendation approaches},
    author={Dacrema, Maurizio Ferrari and Cremonesi, Paolo and Jannach, Dietmar},
    booktitle={Proceedings of the 13th ACM Conference on Recommender Systems},
    pages={101--109},
    year={2019}
}

@article{Ml20M,
    title={The movielens datasets: History and context},
    author={Harper, F Maxwell and Konstan, Joseph A},
    journal={Acm transactions on interactive intelligent systems (tiis)},
    volume={5},
    number={4},
    pages={1--19},
    year={2015},
    publisher={ACM New York, NY, USA}
}

@INPROCEEDINGS{MSD,
    author = {Thierry Bertin-Mahieux and Daniel P.W. Ellis and Brian Whitman and Paul Lamere},
    title = {The Million Song Dataset},
    booktitle = {{Proceedings of the 12th International Conference on Music Information
        Retrieval ({ISMIR} 2011)}},
    year = {2011},
    owner = {thierry},
    timestamp = {2010.03.07}
}